@article{marshall2014atomistic,
  title={Atomistic-to-continuum multiscale modeling with long-range electrostatic interactions in ionic solids},
  author={Marshall, Jason and Dayal, Kaushik},
  journal={Journal of the Mechanics and Physics of Solids},
  volume={62},
  pages={137--162},
  year={2014},
  publisher={Elsevier}
}

@incollection{voter2007introduction,
  title={Introduction to the kinetic Monte Carlo method},
  author={Voter, Arthur F},
  booktitle={Radiation Effects in Solids},
  pages={1--23},
  year={2007},
  publisher={Springer}
}
